@preamble{ " \newcommand{\noop}[1]{} " }

@article{Hoek_etal_2022,
author = {Jasper Hoek and Steve Kamin and Emre Yoldas},
title = {Are higher {U.S.} interest rates always bad news for emerging markets?},
journal = {Journal of International Economics},
volume = {137},
pages = {103585},
year = {2022},
issn = {0022-1996},
doi = {https://doi.org/10.1016/j.jinteco.2022.103585},
}

@Article{Leeper_Zha_2003,
  author={Leeper, Eric M. and Zha, Tao},
  title={{Modest policy interventions}},
  journal={Journal of Monetary Economics},
  year=2003,
  volume={50},
  number={8},
  pages={1673-1700},
  month={November},
  keywords={},
  doi={10.1016/j.jmoneco.2003.01.002}
}

@TechReport{McKay_Wolf_2022,
  author={Alisdair McKay and Christian Wolf},
  title={What Can Time-Series Regressions Tell Us About Policy Counterfactuals?},
  year=2022,
  institution={MIT},
  type={manuscript},
  url={https://www.christiankwolf.com/research}
}

@article{Caldara_Herbst_2019,
Author = {Caldara, Dario and Herbst, Edward},
Title = {Monetary Policy, Real Activity, and Credit Spreads: Evidence from Bayesian Proxy SVARs},
Journal = {American Economic Journal: Macroeconomics},
Volume = {11},
Number = {1},
Year = {2019},
Month = {January},
Pages = {157-92},
DOI = {10.1257/mac.20170294}
}

@Article{Fry_Pagan_2011,
  author={Renée Fry and Adrian Pagan},
  title={{Sign Restrictions in Structural Vector Autoregressions: A Critical Review}},
  journal={Journal of Economic Literature},
  year=2011,
  volume={49},
  number={4},
  pages={938-960},
  month={December},
  doi={10.1257/jel.49.4.938}
}

@Article{Wu_Xia_2016,
  author={Jing Cynthia Wu and Fan Dora Xia},
  title={{Measuring the Macroeconomic Impact of Monetary Policy at the Zero Lower Bound}},
  journal={Journal of Money, Credit and Banking},
  year=2016,
  volume={48},
  number={2-3},
  pages={253-291},
  month={March},
  doi={10.1111/jmcb.12300}
}

@Article{Krippner_2013,
  author={Krippner, Leo},
  title={{Measuring the stance of monetary policy in zero lower bound environments}},
  journal={Economics Letters},
  year=2013,
  volume={118},
  number={1},
  pages={135-138},
  doi={10.1016/j.econlet.2012.10.011}
}

@BOOK{Krippner_2015,
  author={Leo Krippner},
  title = {Zero Lower Bound Term Structure Modeling: A Practitioner’s Guide},
  publisher = {Palgrave-Macmillan},
  year = 2015,
  doi = {10.1057/9781137401823}
}

@Article{Krippner_2020,
  author={Leo Krippner},
  title={{A Note of Caution on Shadow Rate Estimates}},
  journal={Journal of Money, Credit and Banking},
  year=2020,
  volume={52},
  number={4},
  pages={951-962},
  month={June},
  doi={10.1111/jmcb.12613}
}


@article{Bodilsen_etal_2021,
author = {Simon Bodilsen and Jonas N. Eriksen and Niels S. Grønborg},
title = {Asset pricing and FOMC press conferences},
journal = {Journal of Banking \& Finance},
volume = {128},
pages = {106163},
year = {2021},
issn = {0378-4266},
doi = {10.1016/j.jbankfin.2021.106163}
}

@article{Uribe_2022,
author = {Mart\'in Uribe},
title = {The Neo-Fisher Effect: Econometric Evidence from Empirical and Optimizing Models},
journal = {American Economic Journal: Macroeconomics},
year = {2022},
volume = {14},
number = {3},
pages = {133-162},
doi = {10.1257/mac.20200060}
}

@TechReport{Corsetti_etal_2021,
  author={Corsetti, Giancarlo and Kuester, Keith and M\"uller, Gernot and Schmidt, Sebastian},
  title={The Exchange Rate Insulation Puzzle},
  year=2021,
  month=Jan,
  institution={C.E.P.R. Discussion Papers},
  type={CEPR Discussion Papers},
  url={https://ideas.repec.org/p/cpr/ceprdp/15689.html},
  number={15689}
}

@TechReport{Sastry_2021,
  author={Karthik Sastry},
  title={Disagreement About Monetary Policy},
  year=2021,
  institution={MIT},
  type={manuscript}
}

@TechReport{Cieslak_Pang_2020,
  author={Cieslak, Anna and Pang, Hao},
  title={Common Shocks in Stocks and Bonds},
  year=2020,
  institution={Duke University},
  type={{forthcoming in the Journal of Financial Economics}},
  doi={10.2139/ssrn.3409340}
}

@TechReport{Gourinchas_etal_2010,
  author={Pierre-Olivier Gourinchas and H{\'e}l{\`e}ne Rey and Nicolas Govillot},
  title={Exorbitant Privilege and Exorbitant Duty},
  year=2010,
  month=Aug,
  institution={Institute for Monetary and Economic Studies, Bank of Japan},
  type={IMES Discussion Paper Series},
  url={https://ideas.repec.org/p/ime/imedps/10-e-20.html},
  number={10-E-20}
}

@article{Gurkaynak_etal_2021,
author = {Refet S. G\"urkaynak and A. Hakan Kara and Bur\c{c}in Kısacıko\u{g}lu and Sang Seok Lee},
title = {Monetary policy surprises and exchange rate behavior},
journal = {Journal of International Economics},
volume = {130},
pages = {103443},
year = {2021},
note = {NBER International Seminar on Macroeconomics 2020},
issn = {0022-1996},
doi = {10.1016/j.jinteco.2021.103443}
}

@article{Gurkaynak_Karasoy_Lee_2021,
author = {Refet S. G\"urkaynak and Hatice G\"ok\c{c}e Karasoy-Can and Sang Seok Lee},
title = {Stock Market's Assessment of Monetary Policy Transmission: The Cash Flow Effect},
journal = {Journal of Finance},
year = {\noop{3002}forthcoming}},
url={http://refet.bilkent.edu.tr/research.html}
}

@Article{Ehrmann_etal_2011,
  author={Michael Ehrmann and Marcel Fratzscher and Roberto Rigobon},
  title={Stocks, bonds, money markets and exchange rates: measuring international financial transmission},
  journal={Journal of Applied Econometrics},
  year=2011,
  volume={26},
  number={6},
  pages={948-974},
  month={September},
  doi={10.1002/jae.1173}
}
@article{Rogers_Scotti_Wright_2014,
    author = {Rogers, John H. and Scotti, Chiara and Wright, Jonathan H.},
    title = {Evaluating asset-market effects of unconventional monetary policy: a multi-country review},
    journal = {Economic Policy},
    volume = {29},
    number = {80},
    pages = {749-799},
    year = {2014},
    month = {11},
    issn = {0266-4658},
    doi = {10.1111/1468-0327.12042}
}

@Article{Bluwstein_Canova_2016,
  author={Kristina Bluwstein and Fabio Canova},
  title={{Beggar-Thy-Neighbor? The International Effects of ECB Unconventional Monetary Policy Measures}},
  journal={International Journal of Central Banking},
  year=2016,
  volume={12},
  number={3},
  pages={69-120},
  month={September},
  url={https://www.ijcb.org/journal/ijcb16q3a2.htm}
}

@article{Georgiadis_Grab_2016,
author = {Georgios Georgiadis and Johannes Gr\"ab},
title = {Global financial market impact of the announcement of the {ECB}'s asset purchase programme},
journal = {Journal of Financial Stability},
volume = {26},
pages = {257-265},
year = {2016},
issn = {1572-3089},
doi = {10.1016/j.jfs.2016.07.009}
}

@Article{terEllen_etal_2020,
  author={ter Ellen, Saskia and Jansen, Edvard and Midthjell, Nina Larsson},
  title={{ECB} Spillovers and domestic monetary policy effectiveness in small open economies},
  journal={European Economic Review},
  year=2020,
  volume={121},
  number={C},
  doi={10.1016/j.euroecorev.2019.103338}
}

@Article{Moder_2019,
  author={Isabella Moder},
  title={{Spillovers from the ECB's Non-standard Monetary Policy Measures on Southeastern Europe}},
  journal={International Journal of Central Banking},
  year=2019,
  volume={15},
  number={4},
  pages={127-163},
  month={October},
  url={https://www.ijcb.org/journal/ijcb19q4a4.pdf}
}

@Article{Feldkircher_etal_2020,
  author={Feldkircher, Martin and Gruber, Thomas and Huber, Florian},
  title={International effects of a compression of euro area yield curves},
  journal={Journal of Banking \& Finance},
  year=2020,
  volume={113},
  number={C},
  doi={10.1016/j.jbankfin.2019.0}
}

@TechReport{Cazorzi_etal_2020,
  author={Ca' Zorzi, Michele and Dedola, Luca and Georgiadis, Georgios and Jaroci\'nski, Marek and Stracca, Livio and Strasser, Georg},
  title={Monetary policy and its transmission in a globalised world},
  year=2020,
  month=May,
  institution={European Central Bank},
  type={Working Paper Series},
  number={2407},
  url={https://ssrn.com/abstract=3599928}
}

@TechReport{Ha_2016,
  author={Jongrim Ha},
  title={International Transmission of {US} Monetary Policy Shocks into Open Financial Markets: High-frequency {SVAR} Approach},
  year=2016,
  doi={10.2139/ssrn.2826058}
}

@article{Wright_2019,
author = {Jonathan H. Wright},
title = {Comment on “{M}easuring euro area monetary policy”},
journal = {Journal of Monetary Economics},
volume = {108},
pages = {180-184},
year = 2019,
doi = {10.1016/j.jmoneco.2019.08.017}
}

@TechReport{Swanson_2020,
  author={Eric T. Swanson},
  title={{Measuring the Effects of Federal Reserve Forward Guidance and Asset Purchases on Financial Markets}},
  year=2017,
  month=Apr,
  institution={National Bureau of Economic Research, Inc},
  type={NBER Working Papers},
  number={23311}
}

@UNPUBLISHED{Bekaert_Hoerova_Xu_2020,
  author ={Geert Bekaert and Marie Hoerova and Nancy R. Xu},
  title  ={Risk, Uncertainty and Monetary Policy in a Global World},
  year   ={2020},
  month  ={May},
  doi={10.2139/ssrn.3599583}
}

@article{Enders_Hunnekes_Muller_2019,
author = {Zeno Enders and Franziska H\"unnekes and Gernot J. M\"uller},
title = {Monetary policy announcements and expectations: Evidence from {G}erman firms},
journal = {Journal of Monetary Economics},
volume = {108},
pages = {45-63},
year = {2019},
issn = {0304-3932},
doi = {10.1016/j.jmoneco.2019.08.011}
}

@TechReport{Anderson_CesaBianchi_2020,
  author={Anderson, Gareth and Cesa-Bianchi, Ambrogio},
  title={Crossing the credit channel: credit spreads and firm heterogeneity},
  year=2020,
  month=Feb,
  institution={Bank of England},
  type={Bank of England working papers},
  number={854},
  url={https://sites.google.com/site/ambropo}
}

@article{CesaBianchi_Sokol_2022,
author = {Ambrogio Cesa-Bianchi and Andrej Sokol},
title = {Financial shocks, credit spreads, and the international credit channel},
journal = {Journal of International Economics},
volume = {135},
pages = {103543},
year = {2022},
issn = {0022-1996},
doi = {10.1016/j.jinteco.2021.103543}
}

@TechReport{Stavrakeva_Tang_2021,
  author={Vania Stavrakeva and Jenny Tang},
  title={The Dollar During the Great Recession: The Information Channel of US Monetary Policy Signaling and the ``Flight to Safety"},
  year=2021,
  url={https://sites.google.com/site/vstavrakeva}
}

@TechReport{Muller_Wolf_Hettig_2019,
  author = {Gernot J. M\"uller and  Martin Wolf and Thomas Hettig},
  title = {Exchange Rate Undershooting: Evidence and Theory},
  year={2019},
  institution={CEPR},
  type={CEPR Discussion Paper},
  number={13597}
}

@TechReport{Kapp_Kristiansen_2020,
  author={D. Kapp and K. L. Kristiansen},
  title={Equity risk premia in times of accommodative monetary policy: a longer-term perspective},
  year={2020},
  institution={European Central Bank Working Paper, forthcoming}
}

@TechReport{Bauer_Swanson_2020,
  author={Michael D. Bauer and Eric T. Swanson},
  title={An alternative explanation for the ``{F}ed Information Effect''},
  year={2020},
  institution={National Bureau of Economic Research, Inc},
  type={NBER Working Papers},
  number={23311},
  doi={10.3386/w27013}
}


@TechReport{Hoesch_Rossi_Sekhposyan_2020,
  author={Lukas Hoesh and Barbara Rossi and Tatevik Sekhposyan},
  title={Has the Information Channel of Monetary Policy Disappeared? {R}evisiting the Empirical Evidence},
  year={2020},
  institution={CEPR},
  type={CEPR Discussion Paper},
  number={14456}
}

@TechReport{Kane_Rogers_Sun_2020,
  title={The Transmission of {ECB} Communication Shocks},
  author={Andrew Kane and John Rogers and Bo Sun},
  year={2020},
  institution={Board of Governors of the Federal Reserve System},
  type={International Finance Discussion Papers},
  number={forthcoming}
}

@Article{Altavilla_etal_2019,
  author={Altavilla, Carlo and Brugnolini, Luca and Gürkaynak, Refet S. and Motto, Roberto and Ragusa, Giuseppe},
  title={{Measuring euro area monetary policy}},
  journal={Journal of Monetary Economics},
  year=2019,
  volume={108},
  number={C},
  pages={162-179},
  month={},
  keywords={G14 ECB Policy surprise; Event-study; Intraday; Persistence; Asymmetry},
  doi={10.1016/j.jmoneco.2019.08},
  abstract={We map ECB policy communication into yield curve changes and study the information flow on policy dates. A byproduct is the publicly available Euro Area Monetary Policy Event-Study Database (EA-MPD), containing intraday asset price changes. We find that Policy Target, Forward Guidance and Quantitative Easing factors capture about all the variation in the yield curve, with different factors appearing in the windows covering the policy decision announcement and the press conference, and having time-varying variance shares. We study sovereign yields, exchange rates, stock prices, persistence of effects and response asymmetry. Our methodology can be implemented for any policy-related event.},
  url={https://ideas.repec.org/a/eee/moneco/v108y2019icp162-179.html}
}

@misc{Pfarrhofer_Stelzer_2019,
    title={The international effects of central bank information shocks},
    author={Michael Pfarrhofer and Anna Stelzer},
    year={2019},
    eprint={1912.03158},
    archivePrefix={arXiv},
    note={arXiv:1912.03158}
}

@article{Valkanov_2003,
title = "Long-horizon regressions: theoretical results and applications",
journal = "Journal of Financial Economics",
volume = "68",
number = "2",
pages = "201-232",
year = "2003",
issn = "0304-405X",
doi = "https://doi.org/10.1016/S0304-405X(03)00065-5",
url = "http://www.sciencedirect.com/science/article/pii/S0304405X03000655",
author = "Rossen Valkanov",
keywords = "Predictive regressions, Long-horizon predictions, Stock returns, Fisher effect",
abstract = "I use asymptotic arguments to show that the t-statistics in long-horizon regressions do not converge to well-defined distributions. In some cases, moreover, the ordinary least squares estimator is not consistent and the R2 is an inadequate measure of the goodness of fit. These findings can partially explain the tendency of long-horizon regressions to find “significant” results where previous short-term approaches find none. I propose a rescaled t-statistic, whose asymptotic distribution is easy to simulate, and revisit some of the long-horizon evidence on return predictability and of the Fisher effect."
}

@TechReport{Kerssenfischer_2019,
  author={Kerssenfischer, Mark},
  title={Information effects of euro area monetary policy: New evidence from high-frequency futures data},
  year=2019,
  institution={Deutsche Bundesbank},
  type={Discussion Paper},
  url={https://ideas.repec.org/p/zbw/bubdps/072019.html},
  number={07/2019}
}

@Article{Neely_2015,
  author={Neely, Christopher J.},
  title={{Unconventional monetary policy had large international effects}},
  journal={Journal of Banking \& Finance},
  year=2015,
  volume={52},
  number={C},
  pages={101-111},
  month={},
  keywords={Large scale asset purchase; Quantitative easing; Event study; Monetary policy; Zero bound},
  doi={10.1016/j.jbankfin.2014.1},
  abstract={The Federal Reserve’s unconventional monetary policy announcements in 2008–2009 substantially reduced international long-term bond yields and the spot value of the dollar. These changes closely followed announcements and were very unlikely to have occurred by chance. A simple portfolio choice model can produce quantitatively plausible changes in U.S. and foreign excess bond yields. The jump depreciations of the USD are fairly consistent with estimates of the impacts of previous equivalent monetary policy shocks. The policy announcements do not appear to have reduced yields by reducing expectations of real growth. Unconventional policy can reduce international long-term yields and the value of the dollar even at the zero bound.},
  url={https://ideas.repec.org/a/eee/jbfina/v52y2015icp101-111.html}
}

@UNPUBLISHED{Bernanke_2015,
  author ={Ben Bernanke},
  title  ={{F}ederal {R}eserve Policy in an International Context},
  year   ={2015},
  month  ={December},
  type   ={Speech},
  note   ={Speech at the 16th Jacques Polak Annual Research Conference, Washington, 5 November 2015}
}

@UNPUBLISHED{Clarida_2021,
  author ={Richard H. Clarida},
  title  ={Sovereign Markets, Global Factors},
  year   ={2021},
  month  ={May},
  type   ={Speech},
  note   ={At "Fostering a Resilient Economy and Financial System: The Role of Central Banks" 25th Annual Financial Markets Conference, May 17, 2021},
  url = {https://www.federalreserve.gov/newsevents/speech/clarida20210517a.htm}
}

@UNPUBLISHED{Powell_2018,
  author ={Jerome Powell},
  title  ={Monetary policy influences on global financial conditions and international capital flows},
  year   ={2018},
  month  ={May},
  type   ={Speech},
  note   ={Speech at Eighth High-Level Conference on the International Monetary System, Z\"{u}rich, 8 May 2018},
  url = {https://www.federalreserve.gov/newsevents/speech/powell20180508a.htm}
}

@UNPUBLISHED{Rajan_2016,
  author ={Raghuram Rajan},
  title  ={Towards rules of the monetary game},
  year   ={2016},
  month  ={March},
  type   ={Speech},
  note   ={Speech at the IMF/Government of India Conference on "Advancing Asia: Investing for the Future", New Delhi, 12 March 2016}
}


@Article{Rey_2013,
  author={Rey, H{\'e}l{\`e}ne},
  title={Dilemma not trilemma: the global cycle and monetary policy independence},
  journal={Proceedings - Economic Policy Symposium - Jackson Hole},
  year=2013,
  pages={285-333},
  url={https://ideas.repec.org/a/fip/fedkpr/y2013x9.html}
}

@article{Rey_2016,
 author = {H{\'e}l{\`e}ne Rey},
 title = {International Channels of Transmission of Monetary Policy and the Mundellian Trilemma},
 year = {2016},
 journal = {IMF Economic Review},
 number = {1},
 pages = {6-35},
 volume = {64},
 ISSN = {20414161, 2041417X},
 doi = {10.2307/24738112}
}


@article{MirandaAgrippino_Rey_2020,
    author = {Miranda-Agrippino, Silvia and Rey, H{\'e}l{\`e}ne},
    title = {{U.S.} Monetary Policy and the Global Financial Cycle},
    journal = {The Review of Economic Studies},
    year = {2020},
    month = {05},
    issn = {0034-6527},
    doi = {10.1093/restud/rdaa019},
    url = {https://doi.org/10.1093/restud/rdaa019}
}

@Article{Gerko_Rey_2017,
  author={Elena Gerko and H{\'e}l{\`e}ne Rey},
  title={Monetary Policy in the Capitals of Capital},
  journal={Journal of the European Economic Association},
  year=2017,
  volume={15},
  number={4},
  pages={721-745},
  doi={10.1093/jeea/jvx022}
}

@TechReport{Franz_2020,
  author      ={Thorsten Franz},
  title       ={Central bank information shocks and exchange rates},
  year        ={2020},
  institution ={Deutsche Bundesbank},
  type        ={Discussion Paper},
  number      ={13/2020},
  url={https://ideas.repec.org/p/zbw/bubdps/132020.html}
}

@article{Jarocinski_Karadi_2020,
  author={Jaroci\'nski, Marek and Karadi, Peter},
  title={Deconstructing Monetary Policy Surprises - The Role of Information Shocks},
  year={2020},
  journal={American Economic Journal: Macroeconomics},
  volume={12},
  number={2},
  pages={1-43},
  doi={10.1257/mac.20180090}
}


@article{Gertler_Karadi_2015,
  title={Monetary Policy Surprises, Credit Costs, and Economic Activity},
  author={Gertler, Mark and Karadi, Peter},
  journal={American Economic Journal: Macroeconomics},
  volume={7},
  number={1},
  pages={44-76},
  year={2015}
}

@article{Gilchrist_Zakrajsek_2012,
  title={Credit Spreads and Business Cycle Fluctuations},
  author={Gilchrist, Simon and Zakrajsek, Egon},
  journal={The American Economic Review},
  volume={102},
  number={4},
  pages={1692-1720},
  year={2012},
  publisher={American Economic Association}
}

@article{Gilchrist_Mojon_2018,
author = {Simon Gilchrist and Benoit Mojon},
title = {Credit Risk in the Euro Area},
journal = {The Economic Journal},
year = {2018},
month = {Feb},
volume = {128},
number = {608},
pages = {118-158},
doi = {10.1111/ecoj.12427},
url = {https://onlinelibrary.wiley.com/doi/abs/10.1111/ecoj.12427}
}



@Article{Gurkaynak_Sack_Swanson_2005a,
  author={Refet S. G\"urkaynak and Brian Sack and Eric Swanson},
  title={Do Actions Speak Louder Than Words? {T}he Response of Asset Prices to Monetary Policy Actions and Statements},
  journal={International Journal of Central Banking},
  year={2005\noop{a}},
  volume={1},
  number={1},
  pages={55-93},
  month={May},
  url={https://ideas.repec.org/a/ijc/ijcjou/y2005q2a2.html}
}


@article{Gurkaynak_Sack_Swanson_2005b,
  title={The Sensitivity of Long-Term Interest Rates to Economic News: Evidence and Implications for Macroeconomic Models},
  author={Refet S. G{\"u}rkaynak and Brian Sack and Eric Swanson},
  journal={American Economic Review},
  pages={425-436},
  year={2005\noop{b}},
  publisher={JSTOR}
}

@article{Kuttner_2001,
  title={Monetary Policy Surprises and Interest Rates: Evidence from the Fed Funds Futures Market},
  author={Kuttner, Kenneth N.},
  journal={Journal of Monetary Economics},
  volume={47},
  number={3},
  pages={523-544},
  year={2001},
  publisher={Elsevier},
  doi={10.1016/S0304-3932(01)00055-1}
}


@unpublished{Stock_Watson_2010,
  title={Monthly {GDP} and {GNI} - Research Memorandum},
  author ={Stock, James H. and Watson, Mark W.},
  year = {2010},
  url={https://www.princeton.edu/~mwatson/mgdp_gdi/}
}


@UNPUBLISHED{Litterman_1979,
  author={Robert B. Litterman},
  title={Techniques of Forecasting Using Vector Autoregressions},
  year=1979,
  institution={Federal Reserve Bank of Minneapolis},
  type={Working Papers},
  url={http://ideas.repec.org/p/fip/fedmwp/115.html},
  number={115},
  note={Federal Reserve Bank of Minneapolis Working Paper number 115},
}


@article{BarakchianCrowe13,
  title={Monetary Policy Matters: Evidence from New Shocks Data},
  author={Barakchian, S. Mahdi and Crowe, Christopher},
  journal={Journal of Monetary Economics},
  volume={60},
  number={8},
  pages={950-966},
  year={2013}
}


@article{Caldara_Herbst_2018,
  author={Dario Caldara and Edward Herbst},
  title={{Monetary Policy, Real Activity, and Credit Spreads: Evidence from Bayesian Proxy SVAR}},
  year=2018,
  journal={American Economic Journal: Macroeconomics, forthcoming}
}


@ARTICLE{Jarocinski_Mackowiak_2017,
  author={Jaroci\'nski, Marek and Ma\'ckowiak, Bartosz},
  title={Granger-causal-priority and choice of variables in vector autoregressions},
  JOURNAL={The Review of Economics and Statistics},
  YEAR=2017,
  VOLUME={99},
  NUMBER={2},
  PAGES={319-329},
  MONTH={May}
}

@article{Gurkaynak_Sack_Wright_2007,
title = {The {U.S.} Treasury yield curve: 1961 to the present},
author = {Refet S. G\"urkaynak and Brian Sack and Jonathan H. Wright},
journal = {Journal of Monetary Economics},
volume = {54},
number = {8},
pages = {2291-2304},
year = 2007,
issn = {0304-3932},
doi = {10.1016/j.jmoneco.2007.06.029}
}

@unpublished{Favara_etal_2016,
 author = {Favara, Giovanni and Simon Gilchrist and Kurt F. Lewis and Egon Zakrajsek},
 title = {Updating the Recession Risk and the Excess Bond Premium},
 note = {FEDS Notes. Washington: Board of Governors of the Federal Reserve System, October 6},
 year = {2016},
 doi={10.17016/2380-7172.1836}
}

@article{Campbell_etal_2012,
  title={Macroeconomic Effects of {F}ederal {R}eserve Forward Guidance},
  author={Campbell, Jeffrey R. and Evans, Charles L. and Fisher, Jonas D. M. and Justiniano, Alejandro},
  journal={Brookings Papers on Economic Activity},
  pages={1-80},
  year={2012},
  url={https://www.brookings.edu/wp-content/uploads/2012/03/2012a_Evans.pdf}
}

@incollection{Campbell_etal_2017,
  title={Forward Guidance and Macroeconomic Outcomes Since the Financial Crisis},
  author={Campbell, Jeffrey R. and Fisher, Jonas D. M. and Justiniano, Alejandro and Melosi, Leonardo},
  booktitle={NBER Macroeconomics Annual 2016, Volume 31},
  year={2016},
  publisher={University of Chicago Press}
}

@article{Andrade_Ferroni_2021,
  title={{D}elphic and {O}dyssean Monetary Policy Shocks: Evidence from the Euro Area},
  author={Andrade, Philippe and Ferroni, Filippo},
  year={2021},
  journal={Journal of Monetary Economics},
  volume = {117},
  pages = {816-832},
  issn = {0304-3932}, 
  doi={10.1016/j.jmoneco.2020.06.002}
}

@article{MirandaAgrippino_Ricco_2021,
  title = {The Transmission of Monetary Policy Shocks},
  author = {Miranda-Agrippino, Silvia and Ricco, Giovanni},
  year = {2021},
  journal={American Economic Journal: Macroeconomics},
  volume={13},
  number={3},
  pages={74-107},
  doi={10.1257/mac.20180124}
}

@TECHREPORT{MirandaAgrippino_Nenova_2021,
title = {A Tale of Two Monetary Policies},
author = {Miranda-Agrippino, Silvia and Tsvetelina Nenova},
year = {2021}
}

@TECHREPORT{Degasperi_etal_2021,
title = {The Global Transmission of {U.S.} Monetary Policy},
author = {Riccardo Degasperi and Seokki Simon Hong and Giovanni Ricco},
year = {2021}
}

@article{Cieslak_Schrimpf_2019,
author = {Anna Cie\'slak and Andreas Schrimpf},
title = {Non-monetary news in central Bank communication},
journal = {Journal of International Economics},
year = {2019},
volume = {118},
pages = {293-315},
doi = {10.1016/j.jinteco.2019.01.012}
}


@article{Melosi_2017,
  title={Signalling Effects of Monetary Policy},
  author={Melosi, Leonardo},
  journal={The Review of Economic Studies},
  volume={84},
  number={2},
  pages={853-884},
  year={2017},
  publisher={Oxford University Press},
  doi={10.1093/restud/rdw050}
}

@article{Nakamura_Steinsson_2018,
author = {Nakamura, Emi and Steinsson, J\'on},
title = {High-Frequency Identification of Monetary Non-Neutrality: The Information Effect},
journal = {The Quarterly Journal of Economics},
volume = {133},
number = {3},
pages = {1283-1330},
year = {2018},
doi = {10.1093/qje/qjy004}
}


@TechReport{Paul_2017,
  author={Paul, Pascal},
  title={The Time-Varying Effect of Monetary Policy on Asset Prices},
  year=2017,
  month=May,
  institution={Federal Reserve Bank of San Francisco},
  type={Working Paper Series},
  url={https://ideas.repec.org/p/fip/fedfwp/2017-09.html},
  number={2017-9},
  doi={10.24148/wp2017-09}
}

@article{Bernanke_Kuttner_2005,
  title={What Explains the Stock Market's Reaction to Federal Reserve Policy?},
  author={Bernanke, Ben S. and Kuttner, Kenneth N.},
  journal={The Journal of Finance},
  volume={60},
  number={3},
  pages={1221-1257},
  year={2005},
  publisher={Wiley Online Library},
  doi={10.1111/j.1540-6261.2005.00760.x}
}

@article{Habib_Stracca_2015,
author = {Maurizio Michael Habib and Livio Stracca},
title = {Is There a Global Safe Haven?},
journal = {International Finance},
volume = {18},
number = {3},
pages = {281-298},
year = {2015},
doi = {10.1111/infi.12078}
}

@article{Georgiadis_2016,
author = {Georgios Georgiadis},
title = {Determinants of global spillovers from {US} monetary policy},
journal = {Journal of International Money and Finance},
volume = {67},
pages = {41-61},
year = 2016,
issn = {0261-5606},
doi = {10.1016/j.jimonfin.2015.06.010}
}

@article{Dedola_Rivolta_Stracca_2017,
author = {Luca Dedola and Giulia Rivolta and Livio Stracca},
title = {If the {F}ed sneezes, who catches a cold?},
journal = {Journal of International Economics},
volume = {108},
pages = {S23-S41},
year = 2017,
issn = {0022-1996},
doi = {10.1016/j.jinteco.2017.01.002}
}

@Article{Kim_2001,
  author={Kim, Soyoung},
  title={{International transmission of U.S. monetary policy shocks: Evidence from VAR's}},
  journal={Journal of Monetary Economics},
  year=2001,
  volume={48},
  number={2},
  pages={339-372},
  month={October},
  doi={10.1016/S0304-3932(01)00080-0}
}

@Article{Mackowiak_2006,
  author={Ma\'ckowiak, Bartosz},
  title={{What does the Bank of Japan do to East Asia?}},
  journal={Journal of International Economics},
  year=2006,
  volume={70},
  number={1},
  pages={253-270},
  month={September},
  url={https://ideas.repec.org/a/eee/inecon/v70y2006i1p253-270.html}
}

@Article{Mackowiak_2007,
  author={Ma\'ckowiak, Bartosz},
  title={External shocks, {U.S.} monetary policy and macroeconomic fluctuations in emerging markets},
  journal={Journal of Monetary Economics},
  year=2007,
  volume={54},
  number={8},
  pages={2512-2520},
  month={November},
  doi={10.1016/j.jmoneco.2007.06.021}
}

@Article{Kroencke_etal_2021,
  author={Kroencke, Tim A. and Schmeling, Maik and Schrimpf, Andreas},
  title={The {FOMC} Risk Shift},
  year=2021,
  journal = {Journal of Monetary Economics},
  volume = {120},
  pages = {21-39},
  year = {2021},
  issn = {0304-3932},
  doi = {10.1016/j.jmoneco.2021.02.003}
}

@TechReport{Kearns_Schrimpf_Xia_2019,
  author={Jonathan Kearns and Andreas Schrimpf and Fan Dora Xia},
  title={{Explaining Monetary Spillovers: The Matrix Reloaded}},
  year=2019,
  month=Apr,
  institution={Reserve Bank of Australia},
  type={RBA Research Discussion Papers},
  url={https://ideas.repec.org/p/rba/rbardp/rdp2019-03.html},
  number={rdp2019-03}
}

@TechReport{Curcuru_etal_2018,
  author={Stephanie E. Curcuru and Michiel De Pooter and George Eckerd},
  title={{Measuring Monetary Policy Spillovers between U.S. and German Bond Yields}},
  year=2018,
  month=Apr,
  institution={Board of Governors of the Federal Reserve System (U.S.)},
  type={International Finance Discussion Papers},
  number={1226},
  url={https://ideas.repec.org/p/fip/fedgif/1226.html}
}

@article{Avdjiev_Du_Koch_Shin_2019,
 Author = {Avdjiev, Stefan and Du, Wenxin and Koch, Cathérine and Shin, Hyun Song},
 Title = {The Dollar, Bank Leverage, and Deviations from Covered Interest Parity},
 Journal = {American Economic Review: Insights},
 Volume = {1},
 Number = {2},
 Year = {2019},
 Month = {September},
 Pages = {193-208},
 DOI = {10.1257/aeri.20180322}
}


@Article{Lilley_Maggiori_Neiman_Schreger_2019,
  author={Andrew Lilley and Matteo Maggiori and Brent Neiman and Jesse Schreger},
  title={Exchange Rate Reconnect},
  journal = {The Review of Economics and Statistics},
  pages = {1-28},
  year = {2020},
  month = {09},
  issn = {0034-6535},
  doi = {10.1162/rest_a_00978}
}

@TechReport{Niepmann_Schmidt_2019,
  author={Friederike Niepmann and Tim Schmidt-Eisenlohr},
  title={{Institutional Investors, the Dollar, and U.S. Credit Conditions}},
  year=2019,
  month=Apr,
  institution={Board of Governors of the Federal Reserve System (U.S.)},
  type={International Finance Discussion Papers},
  url={https://ideas.repec.org/p/fip/fedgif/1246.html},
  number={1246},
  doi={10.17016/IFDP.2019.1246}
}

@Article{Rubio_Waggoner_Zha_2010,
  author={Juan F. Rubio-Ramirez and Daniel F. Waggoner and Tao Zha},
  title={{Structural Vector Autoregressions: Theory of Identification and Algorithms for Inference}},
  journal={Review of Economic Studies},
  year=2010,
  volume={77},
  number={2},
  pages={665-696},
  doi={10.1111/j.1467-937X.2009.00578.x}
}

@article{Arias_Rubio_Waggoner_2018,
author = {Arias, Jonas E. and Rubio-Ramírez, Juan F. and Waggoner, Daniel F.},
title = {Inference Based on Structural Vector Autoregressions Identified With Sign and Zero Restrictions: Theory and Applications},
year = {2018},
journal = {Econometrica},
volume = {86},
number = {2},
pages = {685-720},
doi = {10.3982/ECTA14468}
}

@article{Morgan_2002,
Author = {Morgan, Donald P.},
Title = {Rating Banks: Risk and Uncertainty in an Opaque Industry },
Journal = {American Economic Review},
Volume = {92},
Number = {4},
Year = {2002},
Month = {September},
Pages = {874-888},
doi = {10.1257/00028280260344506}
}

@article{Baker_Wurgler_2006,
author = {Baker, Malcolm and Wurgler, Jeffrey},
title = {Investor Sentiment and the Cross-Section of Stock Returns},
year = {2006},
journal = {The Journal of Finance},
volume = {61},
number = {4},
pages = {1645-1680},
doi = {10.1111/j.1540-6261.2006.00885.x}
}

@TechReport{Hvid_Kristiansen_2020,
  author={Kristiansen, Kristian and Hvid, Anna Kirstine},
  title={How news affects sectoral stock prices through earnings expectations and risk premia},
  year=2020,
  month=Nov,
  institution={European Central Bank},
  type={Working Paper Series},
  url={https://ideas.repec.org/p/ecb/ecbwps/20202493.html},
  number={2493}
}

@TechReport{Beschwitz_etal_2019,
  title={Revisions to the {F}ederal {R}eserve {D}ollar {I}ndexes},
  author={Bastian von Beschwitz and Christopher G. Collins and Deepa D. Datta},
  year={2019},
  institution={Board of Governors of the Federal Reserve System},
  type={FEDS Notes},
  number={January 2019},
  doi={10.17016/2573-2129.48}
}

@TechReport{Hollo_Kremer_LoDuca_2012,
  author={Hollo, Daniel and Kremer, Manfred and Lo Duca, Marco},
  title={{CISS} - a composite indicator of systemic stress in the financial system},
  year=2012,
  month=Mar,
  institution={European Central Bank},
  type={Working Paper Series},
  url={https://ideas.repec.org/p/ecb/ecbwps/20121426.html},
  number={1426}
}

@Article{Romer_Romer_2000,
  author={David H. Romer and Christina D. Romer},
  title={Federal {R}eserve Information and the Behavior of Interest Rates},
  journal={American Economic Review},
  year=2000,
  volume={90},
  number={3},
  pages={429-457},
  month={June},
  doi={10.1257/aer.90.3.429}
}

@Article{Morris_Shin_2002,
  author={Stephen Morris and Hyun Song Shin},
  title={Social Value of Public Information},
  journal={American Economic Review},
  year=2002,
  volume={92},
  number={5},
  pages={1521-1534},
  month={December},
  doi={10.1257/000282802762024610}
}

@Article{Brusa_etal_2020,
  author={Francesca Brusa and Pavel Savor and Mungo Wilson},
  title={One Central Bank to Rule Them All},
  journal={Review of Finance},
  year=2020,
  volume={24},
  number={2},
  pages={263–304},
  month={March},
  doi={10.1093/rof/rfz015}
}